<?xml version="1.0" encoding="UTF-8"?>
<collection xmlns:xsi="http://www.w3.org/2001/XMLSchema-instance" xsi:schemaLocation="http://www.loc.gov/MARC21/slim http://www.loc.gov/standards/marcxml/schema/MARC21slim.xsd" xmlns="http://www.loc.gov/MARC21/slim">
<record>
  <leader>00872cam a2200241 a 4500</leader>
  <controlfield tag="001">2957870</controlfield>
  <controlfield tag="003">NNC</controlfield>
  <controlfield tag="005">20130426002553.0</controlfield>
  <controlfield tag="008">000313s1888    sy            000 0 arard</controlfield>
  <datafield tag="035" ind1=" " ind2=" ">
    <subfield code="a">(OCoLC)ocm43621852</subfield>
  </datafield>
  <datafield tag="035" ind1=" " ind2=" ">
    <subfield code="9">ASK2966CU</subfield>
  </datafield>
  <datafield tag="035" ind1=" " ind2=" ">
    <subfield code="a">(NNC)2957870</subfield>
  </datafield>
  <datafield tag="040" ind1=" " ind2=" ">
    <subfield code="a">IUL</subfield>
    <subfield code="c">IUL</subfield>
    <subfield code="d">ZCU</subfield>
  </datafield>
  <datafield tag="050" ind1=" " ind2="4">
    <subfield code="a">BP130.4</subfield>
    <subfield code="b">.M218</subfield>
  </datafield>
  <datafield tag="090" ind1=" " ind2=" ">
    <subfield code="a">BP130.4</subfield>
    <subfield code="b">.H88</subfield>
  </datafield>
  <datafield tag="100" ind1="1" ind2=" ">
    <subfield code="a">Ḥamzah, Maḥmūd ibn Muḥammad Nasīb,</subfield>
    <subfield code="d">1820 or 1821-1887 or 1888.</subfield>
  </datafield>
  <datafield tag="245" ind1="1" ind2="0">
    <subfield code="a">Tafsīr al-kalām al-mubajjal al-musammá Durr al-asrār /</subfield>
    <subfield code="c">taʾlīf Maḥmūd ibn Ḥamzah al-Ḥusaynī al-Naqīb ; [al-mukallaf bi-taṣḥīḥuh Ibrāhīm ibn ʻAlī al-Aḥdab al-Ṭarābulsī].</subfield>
  </datafield>
  <datafield tag="246" ind1="3" ind2="0">
    <subfield code="a">Durr al-asrār</subfield>
  </datafield>
  <datafield tag="260" ind1=" " ind2=" ">
    <subfield code="a">[Damascus :</subfield>
    <subfield code="b">s.n.,</subfield>
    <subfield code="c">1888]</subfield>
  </datafield>
  <datafield tag="300" ind1=" " ind2=" ">
    <subfield code="a">2 v. in 1 (517 p.)</subfield>
  </datafield>
  <datafield tag="630" ind1="0" ind2="0">
    <subfield code="a">Qurʼan</subfield>
    <subfield code="v">Commentaries.</subfield>
  </datafield>
  <datafield tag="700" ind1="1" ind2=" ">
    <subfield code="a">Aḥdab, Ibrāhīm,</subfield>
    <subfield code="d">1826-1891.</subfield>
  </datafield>
  <datafield tag="955" ind1=" " ind2=" ">
    <subfield code="b">CU55319262</subfield>
    <subfield code="d">off,glx</subfield>
    <subfield code="e">BP130.4 .H88</subfield>
  </datafield>
</record>
</collection>